=LDR  \\\\\cpca#22\\\\\7a#4500
=008  931229i118181986usx\\\\\\\\\\\\\\\\\engd
=040  \\$aUS-WiHi$cDLC
=100  1\$aWertham, Fredric,$d1895-1981.
=245  00$kPapers,$f1818-1986$g(bulk 1945-1975)
=300  \\$a82,200$fitems
=300  \\$a216$fcontainers.
=300  \\$a85.1$flinear feet.
=545  \\$aPsychiatrist and author.